% Encoding: UTF-8

@Article{rao1999predictive,
  author     = {Rao, Rajesh PN and Ballard, Dana H},
  journal    = {Nature neuroscience},
  title      = {Predictive coding in the visual cortex: a functional interpretation of some extra-classical receptive-field effects},
  year       = {1999},
  number     = {1},
  pages      = {79--87},
  volume     = {2},
  groups     = {cortical microcircuits},
  publisher  = {Nature Publishing Group},
  readstatus = {read},
}

@Article{bastos2012canonical,
  author     = {Bastos, Andre M. and Usrey, W. Martin and Adams, Rick A. and Mangun, George R. and Fries, Pascal and Friston, Karl J},
  journal    = {Neuron},
  title      = {Canonical microcircuits for predictive coding},
  year       = {2012},
  number     = {4},
  pages      = {695--711},
  volume     = {76},
  groups     = {cortical microcircuits},
  publisher  = {Elsevier},
  readstatus = {read},
}

@Article{dayan1995helmholtz,
  author     = {Dayan, Peter and Hinton, Geoffrey E and Neal, Radford M and Zemel, Richard S},
  journal    = {Neural computation},
  title      = {The helmholtz machine},
  year       = {1995},
  number     = {5},
  pages      = {889--904},
  volume     = {7},
  groups     = {cortical microcircuits},
  publisher  = {MIT Press One Rogers Street, Cambridge, MA 02142-1209, USA journals-info~…},
  readstatus = {read},
}

@Article{kwisthout2017precise,
  author     = {Kwisthout, Johan and Bekkering, Harold and Van Rooij, Iris},
  journal    = {Brain and cognition},
  title      = {To be precise, the details don’t matter: On predictive processing, precision, and level of detail of predictions},
  year       = {2017},
  pages      = {84--91},
  volume     = {112},
  groups     = {predictive processing},
  priority   = {prio3},
  publisher  = {Elsevier},
  readstatus = {skimmed},
}

@Article{spruston2008pyramidal,
  author     = {Spruston, Nelson},
  journal    = {Nature Reviews Neuroscience},
  title      = {Pyramidal neurons: dendritic structure and synaptic integration},
  year       = {2008},
  number     = {3},
  pages      = {206--221},
  volume     = {9},
  publisher  = {Nature Publishing Group},
  readstatus = {read},
}

@Article{friston2010free,
  author    = {Friston, Karl},
  journal   = {Nature reviews neuroscience},
  title     = {The free-energy principle: a unified brain theory?},
  year      = {2010},
  number    = {2},
  pages     = {127--138},
  volume    = {11},
  groups    = {Free Energy},
  publisher = {Nature publishing group},
}

@Article{felleman1991distributed,
  author     = {Felleman, Daniel J and Van Essen, David C},
  journal    = {Cerebral cortex (New York, NY: 1991)},
  title      = {Distributed hierarchical processing in the primate cerebral cortex.},
  year       = {1991},
  number     = {1},
  pages      = {1--47},
  volume     = {1},
  groups     = {cortical architecture},
  readstatus = {read},
}

@Article{vezoli2004quantitative,
  author     = {Vezoli, Julien and Falchier, Arnaud and Jouve, Bertrand and Knoblauch, Kenneth and Young, Malcolm and Kennedy, Henry},
  journal    = {The Neuroscientist},
  title      = {Quantitative analysis of connectivity in the visual cortex: extracting function from structure},
  year       = {2004},
  number     = {5},
  pages      = {476--482},
  volume     = {10},
  groups     = {cortical architecture},
  publisher  = {Sage Publications Sage CA: Thousand Oaks, CA},
  readstatus = {read},
}

@Article{barone2000laminar,
  author     = {Barone, Pascal and Batardiere, Alexandre and Knoblauch, Kenneth and Kennedy, Henry},
  journal    = {Journal of Neuroscience},
  title      = {Laminar distribution of neurons in extrastriate areas projecting to visual areas V1 and V4 correlates with the hierarchical rank and indicates the operation of a distance rule},
  year       = {2000},
  number     = {9},
  pages      = {3263--3281},
  volume     = {20},
  groups     = {cortical architecture},
  publisher  = {Soc Neuroscience},
  readstatus = {read},
}

@Article{melzer2012long,
  author    = {Melzer, Sarah and Michael, Magdalena and Caputi, Antonio and Eliava, Marina and Fuchs, Elke C and Whittington, Miles A and Monyer, Hannah},
  journal   = {Science},
  title     = {Long-range--projecting GABAergic neurons modulate inhibition in hippocampus and entorhinal cortex},
  year      = {2012},
  number    = {6075},
  pages     = {1506--1510},
  volume    = {335},
  groups    = {cortical architecture},
  publisher = {American Association for the Advancement of Science},
}

@Article{meyer2011inhibitory,
  author    = {Meyer, Hanno S and Schwarz, Daniel and Wimmer, Verena C and Schmitt, Arno C and Kerr, Jason ND and Sakmann, Bert and Helmstaedter, Moritz},
  journal   = {Proceedings of the National Academy of Sciences},
  title     = {Inhibitory interneurons in a cortical column form hot zones of inhibition in layers 2 and 5A},
  year      = {2011},
  number    = {40},
  pages     = {16807--16812},
  volume    = {108},
  groups    = {cortical architecture},
  priority  = {prio2},
  publisher = {National Acad Sciences},
}

@Article{sherman2011distinct,
  author    = {Sherman, S Murray and Guillery, RW},
  journal   = {Journal of neurophysiology},
  title     = {Distinct functions for direct and transthalamic corticocortical connections},
  year      = {2011},
  number    = {3},
  pages     = {1068--1077},
  volume    = {106},
  groups    = {cortical architecture},
  publisher = {American Physiological Society Bethesda, MD},
}

@Article{raizada2003towards,
  author    = {Raizada, Rajeev DS and Grossberg, Stephen},
  journal   = {Cerebral cortex},
  title     = {Towards a theory of the laminar architecture of cerebral cortex: Computational clues from the visual system},
  year      = {2003},
  number    = {1},
  pages     = {100--113},
  volume    = {13},
  groups    = {cortical architecture},
  priority  = {prio2},
  publisher = {Oxford University Press},
}

@Book{Gordon2010,
  author    = {Gordon, Shepherd and Sten, Grillner},
  publisher = {Oxford University Press},
  title     = {Handbook of Brain Microcircuits.},
  year      = {2010},
  isbn      = {9780195389883},
  abstract  = {Microcircuits are the specific arrangements of cells and their connections that carry out the operations unique to each brain region. This resource summarizes succinctly these circuits in over 40 regions - enabling comparisons of principles across both vertebrates and invertebrates. It provides a new foundation for understanding brain function that will be of interest to all neuroscientists. Oxford Clinical Neuroscience is a comprehensive, cross-searchable collection of resources offering quick and easy access to eleven of Oxford University Press's prestigious neuroscience texts. Joining Oxford Medicine Online these resources offer students, specialists and clinical researchers the best quality content in an easy-to-access format.},
  groups    = {cortical microcircuits},
  priority  = {prio2},
}

@Article{albada2018performance,
  author     = {Van Albada, Sacha J and Rowley, Andrew G and Senk, Johanna and Hopkins, Michael and Schmidt, Maximilian and Stokes, Alan B and Lester, David R and Diesmann, Markus and Furber, Steve B},
  journal    = {Frontiers in neuroscience},
  title      = {Performance comparison of the digital neuromorphic hardware SpiNNaker and the neural network simulation software NEST for a full-scale cortical microcircuit model},
  year       = {2018},
  pages      = {291},
  volume     = {12},
  groups     = {neuromorphic hardware},
  publisher  = {Frontiers},
  readstatus = {skimmed},
}

@Article{spratling2008predictive,
  author    = {Spratling, Michael W},
  journal   = {Vision research},
  title     = {Predictive coding as a model of biased competition in visual attention},
  year      = {2008},
  number    = {12},
  pages     = {1391--1408},
  volume    = {48},
  groups    = {predictive processing},
  publisher = {Elsevier},
}

@Article{spratling2008reconciling,
  author    = {Spratling, Michael W},
  journal   = {Frontiers in computational neuroscience},
  title     = {Reconciling predictive coding and biased competition models of cortical function},
  year      = {2008},
  pages     = {4},
  volume    = {2},
  groups    = {predictive processing},
  publisher = {Frontiers},
}

@Article{foldiak2008sparse,
  author     = {Foldiak, Peter and Endres, DM},
  title      = {Sparse coding},
  year       = {2008},
  groups     = {predictive processing},
  readstatus = {read},
}

@Article{foldiak2003sparse,
  author    = {Foldiak, Peter},
  journal   = {The handbook of brain theory and neural networks},
  title     = {Sparse coding in the primate cortex},
  year      = {2003},
  groups    = {predictive processing},
  publisher = {MIT Press},
}

@Article{olshausen2004sparse,
  author    = {Olshausen, Bruno A and Field, David J},
  journal   = {Current opinion in neurobiology},
  title     = {Sparse coding of sensory inputs},
  year      = {2004},
  number    = {4},
  pages     = {481--487},
  volume    = {14},
  groups    = {predictive processing},
  publisher = {Elsevier},
}

@Article{hausler2017inhibitory,
  author    = {H{\"a}usler, Stefan and Maass, Wolfgang},
  journal   = {bioRxiv},
  title     = {Inhibitory networks orchestrate the self-organization of computational function in cortical microcircuit motifs through STDP},
  year      = {2017},
  pages     = {228759},
  priority  = {prio2},
  publisher = {Cold Spring Harbor Laboratory},
}

@Article{hohwy2020new,
  author     = {Hohwy, Jakob},
  journal    = {Mind \& Language},
  title      = {New directions in predictive processing},
  year       = {2020},
  number     = {2},
  pages      = {209--223},
  volume     = {35},
  groups     = {predictive processing},
  publisher  = {Wiley Online Library},
  readstatus = {skimmed},
}

@Article{treisman1996binding,
  author    = {Treisman, Anne},
  journal   = {Current opinion in neurobiology},
  title     = {The binding problem},
  year      = {1996},
  number    = {2},
  pages     = {171--178},
  volume    = {6},
  priority  = {prio3},
  publisher = {Elsevier},
}

@Article{millidge2021predictive,
  author     = {Millidge, Beren and Seth, Anil and Buckley, Christopher L},
  journal    = {arXiv preprint arXiv:2107.12979},
  title      = {Predictive Coding: a Theoretical and Experimental Review},
  year       = {2021},
  groups     = {predictive processing},
  priority   = {prio3},
  readstatus = {skimmed},
}

@Book{kandel2021principles,
  author     = {Kandel, E.R. and Koester, J.D. and Mack, S.H. and Siegelbaum, S.A.},
  publisher  = {McGraw-Hill Education},
  title      = {Principles of Neural Science, Sixth Edition},
  year       = {2021},
  isbn       = {9781259642241},
  readstatus = {skimmed},
}

@Article{gilbert1983clustered,
  author     = {Gilbert, Charles D and Wiesel, TORSTEN N},
  journal    = {Journal of Neuroscience},
  title      = {Clustered intrinsic connections in cat visual cortex},
  year       = {1983},
  number     = {5},
  pages      = {1116--1133},
  volume     = {3},
  groups     = {cortical architecture},
  publisher  = {Soc Neuroscience},
  readstatus = {skimmed},
}

@Article{haeusler2007statistical,
  author     = {Haeusler, Stefan and Maass, Wolfgang},
  journal    = {Cerebral cortex},
  title      = {A statistical analysis of information-processing properties of lamina-specific cortical microcircuit models},
  year       = {2007},
  number     = {1},
  pages      = {149--162},
  volume     = {17},
  groups     = {cortical microcircuits},
  publisher  = {Oxford University Press},
  readstatus = {read},
}

@Article{thomson2002synaptic,
  author    = {Thomson, Alex M and West, David C and Wang, Yun and Bannister, A Peter},
  journal   = {Cerebral cortex},
  title     = {Synaptic connections and small circuits involving excitatory and inhibitory neurons in layers 2--5 of adult rat and cat neocortex: triple intracellular recordings and biocytin labelling in vitro},
  year      = {2002},
  number    = {9},
  pages     = {936--953},
  volume    = {12},
  groups    = {cortical architecture},
  priority  = {prio2},
  publisher = {Oxford University Press},
}

@Article{potjans2014cell,
  author     = {Potjans, Tobias C and Diesmann, Markus},
  journal    = {Cerebral cortex},
  title      = {The cell-type specific cortical microcircuit: relating structure and activity in a full-scale spiking network model},
  year       = {2014},
  number     = {3},
  pages      = {785--806},
  volume     = {24},
  groups     = {cortical microcircuits},
  publisher  = {Oxford University Press},
  readstatus = {skimmed},
}

@Article{mountcastle1997columnar,
  author   = {Mountcastle, Vernon B},
  journal  = {Brain: a journal of neurology},
  title    = {The columnar organization of the neocortex.},
  year     = {1997},
  number   = {4},
  pages    = {701--722},
  volume   = {120},
  groups   = {cortical architecture},
  priority = {prio3},
}

@Article{kaas1987organization,
  author    = {Kaas, Jon H},
  journal   = {Annual review of psychology},
  title     = {The organization of neocortex in mammals: implications for theories of brain function},
  year      = {1987},
  number    = {1},
  pages     = {129--151},
  volume    = {38},
  groups    = {cortical architecture},
  publisher = {Annual Reviews 4139 El Camino Way, PO Box 10139, Palo Alto, CA 94303-0139, USA},
}

@Article{douglas1995recurrent,
  author     = {Douglas, Rodney J and Koch, Christof and Mahowald, Misha and Martin, KA and Suarez, Humbert H},
  journal    = {Science},
  title      = {Recurrent excitation in neocortical circuits},
  year       = {1995},
  number     = {5226},
  pages      = {981--985},
  volume     = {269},
  groups     = {cortical microcircuits},
  priority   = {prio2},
  publisher  = {American Association for the Advancement of Science},
  readstatus = {skimmed},
}

@Article{douglas2004neuronal,
  author     = {Douglas, Rodney J and Martin, Kevan AC},
  journal    = {Annu. Rev. Neurosci.},
  title      = {Neuronal circuits of the neocortex},
  year       = {2004},
  pages      = {419--451},
  volume     = {27},
  groups     = {cortical microcircuits},
  priority   = {prio2},
  publisher  = {Annual Reviews},
  readstatus = {skimmed},
}

@Article{magee2020synaptic,
  author     = {Magee, Jeffrey C and Grienberger, Christine},
  journal    = {Annual review of neuroscience},
  title      = {Synaptic plasticity forms and functions},
  year       = {2020},
  pages      = {95--117},
  volume     = {43},
  groups     = {Synaptic plasticity},
  priority   = {prio2},
  publisher  = {Annual Reviews},
  readstatus = {skimmed},
}

@Article{bastos2015visual,
  author    = {Bastos, Andre Moraes and Vezoli, Julien and Bosman, Conrado Arturo and Schoffelen, Jan-Mathijs and Oostenveld, Robert and Dowdall, Jarrod Robert and De Weerd, Peter and Kennedy, Henry and Fries, Pascal},
  journal   = {Neuron},
  title     = {Visual areas exert feedforward and feedback influences through distinct frequency channels},
  year      = {2015},
  number    = {2},
  pages     = {390--401},
  volume    = {85},
  groups    = {cortical architecture},
  publisher = {Elsevier},
}

@Article{davies2018loihi,
  author     = {Davies, Mike and Srinivasa, Narayan and Lin, Tsung-Han and Chinya, Gautham and Cao, Yongqiang and Choday, Sri Harsha and Dimou, Georgios and Joshi, Prasad and Imam, Nabil and Jain, Shweta and others},
  journal    = {Ieee Micro},
  title      = {Loihi: A neuromorphic manycore processor with on-chip learning},
  year       = {2018},
  number     = {1},
  pages      = {82--99},
  volume     = {38},
  groups     = {neuromorphic hardware},
  publisher  = {IEEE},
  readstatus = {read},
}

@Article{hoerzer2014emergence,
  author    = {Hoerzer, Gregor M and Legenstein, Robert and Maass, Wolfgang},
  journal   = {Cerebral cortex},
  title     = {Emergence of complex computational structures from chaotic neural networks through reward-modulated Hebbian learning},
  year      = {2014},
  number    = {3},
  pages     = {677--690},
  volume    = {24},
  priority  = {prio2},
  publisher = {Oxford University Press},
}

@Article{mozafari2018combining,
  author   = {Mozafari, Milad and Ganjtabesh, Mohammad and Nowzari-Dalini, Abbas and Thorpe, Simon J and Masquelier, Timoth{\'e}e},
  journal  = {arXiv preprint arXiv:1804.00227},
  title    = {Combining STDP and reward-modulated STDP in deep convolutional spiking neural networks for digit recognition},
  year     = {2018},
  volume   = {1},
  groups   = {Synaptic plasticity},
  priority = {prio3},
}

@Article{binzegger2004quantitative,
  author     = {Binzegger, Tom and Douglas, Rodney J and Martin, Kevan AC},
  journal    = {Journal of Neuroscience},
  title      = {A quantitative map of the circuit of cat primary visual cortex},
  year       = {2004},
  number     = {39},
  pages      = {8441--8453},
  volume     = {24},
  groups     = {cortical architecture},
  publisher  = {Soc Neuroscience},
  readstatus = {skimmed},
}

@Article{gerfen2018long,
  author     = {Gerfen, Charles R and Economo, Michael N and Chandrashekar, Jayaram},
  journal    = {Journal of neuroscience research},
  title      = {Long distance projections of cortical pyramidal neurons},
  year       = {2018},
  number     = {9},
  pages      = {1467--1475},
  volume     = {96},
  groups     = {cortical architecture},
  priority   = {prio2},
  publisher  = {Wiley Online Library},
  readstatus = {skimmed},
}

@Article{Mumford1991,
  author     = {Mumford, David},
  journal    = {Biological cybernetics},
  title      = {On the computational architecture of the neocortex},
  year       = {1991},
  number     = {2},
  pages      = {135--145},
  volume     = {65},
  publisher  = {Springer},
  readstatus = {read},
}

@Article{maass2006principles,
  author    = {Maass, Wolfgang and Joshi, Prashant and Sontag, Eduardo D},
  title     = {Principles of real-time computing with feedback applied to cortical microcircuit models},
  year      = {2006},
  groups    = {cortical microcircuits},
  priority  = {prio2},
  publisher = {MIT Press},
}

@Article{wang2010neurophysiological,
  author    = {Wang, Xiao-Jing},
  journal   = {Physiological reviews},
  title     = {Neurophysiological and computational principles of cortical rhythms in cognition},
  year      = {2010},
  number    = {3},
  pages     = {1195--1268},
  volume    = {90},
  priority  = {prio3},
  publisher = {American Physiological Society Bethesda, MD},
}

@Article{Song2001,
  author  = {Sen Song and L.F. Abbott},
  journal = {Neuron},
  title   = {Cortical Development and Remapping through Spike Timing-Dependent Plasticity},
  year    = {2001},
  issn    = {0896-6273},
  number  = {2},
  pages   = {339-350},
  volume  = {32},
  doi     = {https://doi.org/10.1016/S0896-6273(01)00451-2},
  groups  = {Synaptic plasticity},
  url     = {https://www.sciencedirect.com/science/article/pii/S0896627301004512},
}

@article{hull1943principles,
  title={Principles of behavior: An introduction to behavior theory.},
  author={Hull, Clark Leonard},
  year={1943},
  publisher={Appleton-Century}
}

@Article{urbanczik2014learning,
  author     = {Urbanczik, Robert and Senn, Walter},
  journal    = {Neuron},
  title      = {Learning by the dendritic prediction of somatic spiking},
  year       = {2014},
  number     = {3},
  pages      = {521--528},
  volume     = {81},
  groups     = {Synaptic plasticity},
  publisher  = {Elsevier},
  readstatus = {read},
}

@Article{richards2019deep,
  author     = {Richards, Blake A and Lillicrap, Timothy P and Beaudoin, Philippe and Bengio, Yoshua and Bogacz, Rafal and Christensen, Amelia and Clopath, Claudia and Costa, Rui Ponte and de Berker, Archy and Ganguli, Surya and others},
  journal    = {Nature neuroscience},
  title      = {A deep learning framework for neuroscience},
  year       = {2019},
  number     = {11},
  pages      = {1761--1770},
  volume     = {22},
  priority   = {prio1},
  publisher  = {Nature Publishing Group},
  readstatus = {skimmed},
}

@Article{maass2007computational,
  author    = {Maass, Wolfgang and Joshi, Prashant and Sontag, Eduardo D},
  journal   = {PLoS computational biology},
  title     = {Computational aspects of feedback in neural circuits},
  year      = {2007},
  number    = {1},
  pages     = {e165},
  volume    = {3},
  priority  = {prio2},
  publisher = {Public Library of Science San Francisco, USA},
}

@Article{sussillo2009generating,
  author    = {Sussillo, David and Abbott, Larry F},
  journal   = {Neuron},
  title     = {Generating coherent patterns of activity from chaotic neural networks},
  year      = {2009},
  number    = {4},
  pages     = {544--557},
  volume    = {63},
  priority  = {prio2},
  publisher = {Elsevier},
}

@InProceedings{maass2006theory,
  author       = {Maass, Wolfgang and Markram, Henry},
  booktitle    = {The interface between neurons and global brain function, Dahlem Workshop Report},
  title        = {Theory of the computational function of microcircuit dynamics},
  year         = {2006},
  organization = {Citeseer},
  pages        = {371--390},
  volume       = {93},
  priority     = {prio2},
}

@Article{bellec2020solution,
  author     = {Bellec, Guillaume and Scherr, Franz and Subramoney, Anand and Hajek, Elias and Salaj, Darjan and Legenstein, Robert and Maass, Wolfgang},
  journal    = {Nature communications},
  title      = {A solution to the learning dilemma for recurrent networks of spiking neurons},
  year       = {2020},
  number     = {1},
  pages      = {1--15},
  volume     = {11},
  publisher  = {Nature Publishing Group},
  readstatus = {read},
}

@Article{zenke2021brain,
  author    = {Zenke, Friedemann and Neftci, Emre O.},
  journal   = {Proceedings of the IEEE},
  title     = {Brain-inspired learning on neuromorphic substrates},
  year      = {2021},
  number    = {5},
  pages     = {935--950},
  volume    = {109},
  publisher = {IEEE},
}

@Article{zhao2021neko,
  author     = {Zhao, Zixuan and Wycoff, Nathan and Getty, Neil and Stevens, Rick and Xia, Fangfang},
  journal    = {arXiv preprint arXiv:2105.00324},
  title      = {Neko: a Library for Exploring Neuromorphic Learning Rules},
  year       = {2021},
  readstatus = {read},
}

@Article{maass2014noise,
  author     = {Maass, Wolfgang},
  journal    = {Proceedings of the IEEE},
  title      = {Noise as a resource for computation and learning in networks of spiking neurons},
  year       = {2014},
  number     = {5},
  pages      = {860--880},
  volume     = {102},
  publisher  = {IEEE},
  readstatus = {read},
}

@Article{bellec2018long,
  author     = {Bellec, Guillaume and Salaj, Darjan and Subramoney, Anand and Legenstein, Robert and Maass, Wolfgang},
  journal    = {arXiv preprint arXiv:1803.09574},
  title      = {Long short-term memory and learning-to-learn in networks of spiking neurons},
  year       = {2018},
  priority   = {prio2},
  readstatus = {skimmed},
}

@Article{bellec2017deep,
  author   = {Bellec, Guillaume and Kappel, David and Maass, Wolfgang and Legenstein, Robert},
  journal  = {arXiv preprint arXiv:1711.05136},
  title    = {Deep rewiring: Training very sparse deep networks},
  year     = {2017},
  priority = {prio2},
}

@article{hochreiter1997long,
  title={Long short-term memory},
  author={Hochreiter, Sepp and Schmidhuber, J{\"u}rgen},
  journal={Neural computation},
  volume={9},
  number={8},
  pages={1735--1780},
  year={1997},
  publisher={MIT Press}
}

@InProceedings{graves2013speech,
  author       = {Graves, Alex and Mohamed, Abdel-rahman and Hinton, Geoffrey},
  booktitle    = {2013 IEEE international conference on acoustics, speech and signal processing},
  title        = {Speech recognition with deep recurrent neural networks},
  year         = {2013},
  organization = {Ieee},
  pages        = {6645--6649},
  priority     = {prio3},
}

@Article{bellec2019biologically,
  author     = {Bellec, Guillaume and Scherr, Franz and Hajek, Elias and Salaj, Darjan and Legenstein, Robert and Maass, Wolfgang},
  journal    = {arXiv preprint arXiv:1901.09049},
  title      = {Biologically inspired alternatives to backpropagation through time for learning in recurrent neural nets},
  year       = {2019},
  priority   = {prio2},
  readstatus = {skimmed},
}

@Article{millidge2020activation,
  author   = {Millidge, Beren and Tschantz, Alexander and Seth, Anil K. and Buckley, Christopher L.},
  journal  = {arXiv preprint arXiv:2009.05359},
  title    = {Activation relaxation: A local dynamical approximation to backpropagation in the brain},
  year     = {2020},
  groups   = {Synaptic plasticity},
  priority = {prio2},
}

@Article{lillicrap2019backpropagation,
  author    = {Lillicrap, Timothy P. and Santoro, Adam},
  journal   = {Current opinion in neurobiology},
  title     = {Backpropagation through time and the brain},
  year      = {2019},
  pages     = {82--89},
  volume    = {55},
  groups    = {Synaptic plasticity},
  priority  = {prio2},
  publisher = {Elsevier},
}

@Article{gerstner2018eligibility,
  author     = {Gerstner, Wulfram and Lehmann, Marco and Liakoni, Vasiliki and Corneil, Dane and Brea, Johanni},
  journal    = {Frontiers in neural circuits},
  title      = {Eligibility traces and plasticity on behavioral time scales: experimental support of neohebbian three-factor learning rules},
  year       = {2018},
  pages      = {53},
  volume     = {12},
  groups     = {Synaptic plasticity},
  publisher  = {Frontiers},
  readstatus = {skimmed},
}

@Article{sajad2019cortical,
  author    = {Sajad, Amirsaman and Godlove, David C and Schall, Jeffrey D},
  journal   = {Nature neuroscience},
  title     = {Cortical microcircuitry of performance monitoring},
  year      = {2019},
  number    = {2},
  pages     = {265--274},
  volume    = {22},
  groups    = {cortical microcircuits, Synaptic plasticity},
  publisher = {Nature Publishing Group},
}

@Article{schultz1997neural,
  author     = {Schultz, Wolfram and Dayan, Peter and Montague, P Read},
  journal    = {Science},
  title      = {A neural substrate of prediction and reward},
  year       = {1997},
  number     = {5306},
  pages      = {1593--1599},
  volume     = {275},
  groups     = {predictive processing, Synaptic plasticity},
  publisher  = {American Association for the Advancement of Science},
  readstatus = {skimmed},
}

@Article{potjans2011imperfect,
  author     = {Potjans, Wiebke and Diesmann, Markus and Morrison, Abigail},
  journal    = {PLoS computational biology},
  title      = {An imperfect dopaminergic error signal can drive temporal-difference learning},
  year       = {2011},
  number     = {5},
  pages      = {e1001133},
  volume     = {7},
  groups     = {dopaminergic learning},
  priority   = {prio2},
  publisher  = {Public Library of Science San Francisco, USA},
  readstatus = {skimmed},
}

@Article{bi2001synaptic,
  author    = {Bi, Guo-qiang and Poo, Mu-ming},
  journal   = {Annual review of neuroscience},
  title     = {Synaptic modification by correlated activity: Hebb's postulate revisited},
  year      = {2001},
  number    = {1},
  pages     = {139--166},
  volume    = {24},
  groups    = {Synaptic plasticity},
  publisher = {Annual Reviews 4139 El Camino Way, PO Box 10139, Palo Alto, CA 94303-0139, USA},
}

@Article{sjostrom2008dendritic,
  author    = {Sjostrom, P Jesper and Rancz, Ede A and Roth, Arnd and Hausser, Michael},
  journal   = {Physiological reviews},
  title     = {Dendritic excitability and synaptic plasticity},
  year      = {2008},
  number    = {2},
  pages     = {769--840},
  volume    = {88},
  groups    = {Synaptic plasticity},
  priority  = {prio1},
  publisher = {American Physiological Society},
}

@Article{sutton1981toward,
  author    = {Sutton, Richard S. and Barto, Andrew G.},
  journal   = {Psychological review},
  title     = {Toward a modern theory of adaptive networks: expectation and prediction.},
  year      = {1981},
  number    = {2},
  pages     = {135},
  volume    = {88},
  groups    = {Synaptic plasticity},
  publisher = {American Psychological Association},
}

@Book{sutton2018reinforcement,
  author     = {Sutton, Richard S and Barto, Andrew G},
  publisher  = {MIT press},
  title      = {Reinforcement learning: An introduction},
  year       = {2018},
  readstatus = {skimmed},
}

@article{esser2016cover,
  title={From the cover: Convolutional networks for fast, energy-efficient neuromorphic computing},
  author={Esser, Steven K and Merolla, Paul A and Arthur, John V and Cassidy, Andrew S and Appuswamy, Rathinakumar and Andreopoulos, Alexander and Berg, David J and McKinstry, Jeffrey L and Melano, Timothy and Barch, Davis R and others},
  journal={Proceedings of the National Academy of Sciences of the United States of America},
  volume={113},
  number={41},
  pages={11441},
  year={2016},
  publisher={National Academy of Sciences}
}

@Article{werbos1990backpropagation,
  author     = {Werbos, Paul J},
  journal    = {Proceedings of the IEEE},
  title      = {Backpropagation through time: what it does and how to do it},
  year       = {1990},
  number     = {10},
  pages      = {1550--1560},
  volume     = {78},
  publisher  = {IEEE},
  readstatus = {skimmed},
}

@Article{young2013cell,
  author    = {Young, Nicole A and Collins, Christine E and Kaas, Jon H},
  journal   = {Frontiers in neural circuits},
  title     = {Cell and neuron densities in the primary motor cortex of primates},
  year      = {2013},
  pages     = {30},
  volume    = {7},
  publisher = {Frontiers},
}

@article{keller2018cell,
  title={Cell densities in the mouse brain: a systematic review},
  author={Keller, Daniel and Er{\"o}, Csaba and Markram, Henry},
  journal={Frontiers in neuroanatomy},
  volume={12},
  pages={83},
  year={2018},
  publisher={Frontiers}
}

@article{azevedo2009equal,
  title={Equal numbers of neuronal and nonneuronal cells make the human brain an isometrically scaled-up primate brain},
  author={Azevedo, Frederico AC and Carvalho, Ludmila RB and Grinberg, Lea T and Farfel, Jos{\'e} Marcelo and Ferretti, Renata EL and Leite, Renata EP and Filho, Wilson Jacob and Lent, Roberto and Herculano-Houzel, Suzana},
  journal={Journal of Comparative Neurology},
  volume={513},
  number={5},
  pages={532--541},
  year={2009},
  publisher={Wiley Online Library}
}

@Article{kanai2015cerebral,
  author    = {Kanai, Ryota and Komura, Yutaka and Shipp, Stewart and Friston, Karl},
  journal   = {Philosophical Transactions of the Royal Society B: Biological Sciences},
  title     = {Cerebral hierarchies: predictive processing, precision and the pulvinar},
  year      = {2015},
  number    = {1668},
  pages     = {20140169},
  volume    = {370},
  groups    = {predictive processing},
  priority  = {prio3},
  publisher = {The Royal Society},
}

@Article{brown2011active,
  author    = {Brown, Harriet and Friston, Karl J and Bestmann, Sven},
  journal   = {Frontiers in psychology},
  title     = {Active inference, attention, and motor preparation},
  year      = {2011},
  pages     = {218},
  volume    = {2},
  groups    = {predictive processing},
  publisher = {Frontiers},
}

@Article{markov2011,
  author    = {Markov, Nikola T and Misery, P and Falchier, Arnaud and Lamy, C and Vezoli, J and Quilodran, R and Gariel, MA and Giroud, Pascale and Ercsey-Ravasz, Maria and Pilaz, LJ and others},
  journal   = {Cerebral cortex},
  title     = {Weight consistency specifies regularities of macaque cortical networks},
  year      = {2011},
  number    = {6},
  pages     = {1254--1272},
  volume    = {21},
  groups    = {cortical architecture},
  publisher = {Oxford University Press},
}

@Article{Friston2008,
  author    = {Friston, Karl},
  journal   = {PLoS computational biology},
  title     = {Hierarchical models in the brain},
  year      = {2008},
  number    = {11},
  pages     = {e1000211},
  volume    = {4},
  groups    = {predictive processing},
  priority  = {prio2},
  publisher = {Public Library of Science San Francisco, USA},
}

@Article{Park2013,
  author    = {Park, Hae-Jeong and Friston, Karl},
  journal   = {Science},
  title     = {Structural and functional brain networks: from connections to cognition},
  year      = {2013},
  number    = {6158},
  pages     = {1238411},
  volume    = {342},
  groups    = {cortical microcircuits, predictive processing},
  priority  = {prio3},
  publisher = {American Association for the Advancement of Science},
}

@Article{izhikevich2007solving,
  author     = {Izhikevich, Eugene M},
  journal    = {Cerebral cortex},
  title      = {Solving the distal reward problem through linkage of STDP and dopamine signaling},
  year       = {2007},
  number     = {10},
  pages      = {2443--2452},
  volume     = {17},
  groups     = {dopaminergic learning},
  publisher  = {Oxford University Press},
  readstatus = {read},
}

@Article{rajendran2019low,
  author    = {Rajendran, Bipin and Sebastian, Abu and Schmuker, Michael and Srinivasa, Narayan and Eleftheriou, Evangelos},
  journal   = {IEEE Signal Processing Magazine},
  title     = {Low-power neuromorphic hardware for signal processing applications: A review of architectural and system-level design approaches},
  year      = {2019},
  number    = {6},
  pages     = {97--110},
  volume    = {36},
  groups    = {neuromorphic hardware},
  publisher = {IEEE},
}

@InProceedings{orchard2021efficient,
  author       = {Orchard, Garrick and Frady, E Paxon and Rubin, Daniel Ben Dayan and Sanborn, Sophia and Shrestha, Sumit Bam and Sommer, Friedrich T and Davies, Mike},
  booktitle    = {2021 IEEE Workshop on Signal Processing Systems (SiPS)},
  title        = {Efficient Neuromorphic Signal Processing with Loihi 2},
  year         = {2021},
  organization = {IEEE},
  pages        = {254--259},
  groups       = {neuromorphic hardware},
  readstatus   = {skimmed},
}

@InProceedings{davies2021lessons,
  author       = {Davies, Mike},
  booktitle    = {2021 Symposium on VLSI Circuits},
  title        = {Lessons from Loihi: Progress in Neuromorphic Computing},
  year         = {2021},
  organization = {IEEE},
  pages        = {1--2},
  groups       = {neuromorphic hardware},
  readstatus   = {skimmed},
}

@Article{davies2021advancing,
  author     = {Davies, Mike and Wild, Andreas and Orchard, Garrick and Sandamirskaya, Yulia and Guerra, Gabriel A Fonseca and Joshi, Prasad and Plank, Philipp and Risbud, Sumedh R},
  journal    = {Proceedings of the IEEE},
  title      = {Advancing neuromorphic computing with loihi: A survey of results and outlook},
  year       = {2021},
  number     = {5},
  pages      = {911--934},
  volume     = {109},
  groups     = {neuromorphic hardware},
  publisher  = {IEEE},
  readstatus = {read},
}

@InProceedings{blouw2019benchmarking,
  author    = {Blouw, Peter and Choo, Xuan and Hunsberger, Eric and Eliasmith, Chris},
  booktitle = {Proceedings of the 7th Annual Neuro-inspired Computational Elements Workshop},
  title     = {Benchmarking keyword spotting efficiency on neuromorphic hardware},
  year      = {2019},
  pages     = {1--8},
  groups    = {neuromorphic hardware},
}

@Article{Davies2021,
  author     = {Davies, Mike},
  title      = {Technology Brief | Taking Neuromorphic Computing to the Next Level with Loihi 2},
  year       = {2021},
  groups     = {neuromorphic hardware},
  readstatus = {read},
}

@Article{hinton1995wake,
  author     = {Hinton, Geoffrey E and Dayan, Peter and Frey, Brendan J and Neal, Radford M},
  journal    = {Science},
  title      = {The" wake-sleep" algorithm for unsupervised neural networks},
  year       = {1995},
  number     = {5214},
  pages      = {1158--1161},
  volume     = {268},
  publisher  = {American Association for the Advancement of Science},
  readstatus = {skimmed},
}

@article{sountsov2015spiking,
  title={Spiking neuron network Helmholtz machine},
  author={Sountsov, Pavel and Miller, Paul},
  journal={Frontiers in computational neuroscience},
  volume={9},
  pages={46},
  year={2015},
  publisher={Frontiers}
}

@Article{Wunderlich2019,
  author     = {Wunderlich, Timo and Kungl, Akos F and M{\"u}ller, Eric and Hartel, Andreas and Stradmann, Yannik and Aamir, Syed Ahmed and Gr{\"u}bl, Andreas and Heimbrecht, Arthur and Schreiber, Korbinian and St{\"o}ckel, David and others},
  journal    = {Frontiers in neuroscience},
  title      = {Demonstrating advantages of neuromorphic computation: a pilot study},
  year       = {2019},
  pages      = {260},
  volume     = {13},
  publisher  = {Frontiers},
  readstatus = {read},
}

@Article{Habenschuss2013,
  author    = {Habenschuss, Stefan and Jonke, Zeno and Maass, Wolfgang},
  journal   = {PLoS computational biology},
  title     = {Stochastic computations in cortical microcircuit models},
  year      = {2013},
  number    = {11},
  pages     = {e1003311},
  volume    = {9},
  groups    = {cortical microcircuits},
  priority  = {prio2},
  publisher = {Public Library of Science San Francisco, USA},
}

@Article{Jonke2016,
  author    = {Jonke, Zeno and Habenschuss, Stefan and Maass, Wolfgang},
  journal   = {Frontiers in neuroscience},
  title     = {Solving constraint satisfaction problems with networks of spiking neurons},
  year      = {2016},
  pages     = {118},
  volume    = {10},
  priority  = {prio2},
  publisher = {Frontiers},
}

@Article{Eppler2009,
  author     = {Eppler, Jochen M and Helias, Moritz and Muller, Eilif and Diesmann, Markus and Gewaltig, Marc-Oliver},
  journal    = {Frontiers in neuroinformatics},
  title      = {PyNEST: a convenient interface to the NEST simulator},
  year       = {2009},
  pages      = {12},
  volume     = {2},
  publisher  = {Frontiers},
  readstatus = {skimmed},
}

@Article{Walker1996,
  author    = {Walker, David W and Dongarra, Jack J},
  journal   = {Supercomputer},
  title     = {MPI: a standard message passing interface},
  year      = {1996},
  pages     = {56--68},
  volume    = {12},
  publisher = {ASFRA BV},
}

@Article{Schrader2009,
  author    = {Schrader, Sven and Gewaltig, Marc-Oliver and K{\"o}rner, Ursula and K{\"o}rner, Edgar},
  journal   = {Neural Networks},
  title     = {Cortext: A columnar model of bottom-up and top-down processing in the neocortex},
  year      = {2009},
  number    = {8},
  pages     = {1055--1070},
  volume    = {22},
  groups    = {cortical architecture},
  priority  = {prio3},
  publisher = {Elsevier},
}

@Article{Pehle2022,
  author  = {Pehle, Christian and Billaudelle, Sebastian and Cramer, Benjamin and Kaiser, Jakob and Schreiber, Korbinian and Stradmann, Yannik and Weis, Johannes and Leibfried, Aron and M{\"u}ller, Eric and Schemmel, Johannes},
  journal = {arXiv preprint arXiv:2201.11063},
  title   = {The BrainScaleS-2 accelerated neuromorphic system with hybrid plasticity},
  year    = {2022},
  groups  = {neuromorphic hardware},
}

@Article{Legenstein2008,
  author     = {Legenstein, Robert and Pecevski, Dejan and Maass, Wolfgang},
  journal    = {PLoS computational biology},
  title      = {A learning theory for reward-modulated spike-timing-dependent plasticity with application to biofeedback},
  year       = {2008},
  number     = {10},
  pages      = {e1000180},
  volume     = {4},
  groups     = {Synaptic plasticity},
  publisher  = {Public Library of Science San Francisco, USA},
  readstatus = {skimmed},
}

@Article{minsky1961steps,
  author    = {Minsky, Marvin},
  journal   = {Proceedings of the IRE},
  title     = {Steps toward artificial intelligence},
  year      = {1961},
  number    = {1},
  pages     = {8--30},
  volume    = {49},
  priority  = {prio3},
  publisher = {IEEE},
}

@Article{bayer2007statistics,
  author     = {Bayer, Hannah M and Lau, Brian and Glimcher, Paul W},
  journal    = {Journal of neurophysiology},
  title      = {Statistics of midbrain dopamine neuron spike trains in the awake primate},
  year       = {2007},
  number     = {3},
  pages      = {1428--1439},
  volume     = {98},
  publisher  = {American Physiological Society},
  readstatus = {skimmed},
}

@Article{Borst2010,
  author     = {Borst, J Gerard G},
  journal    = {Trends in neurosciences},
  title      = {The low synaptic release probability in vivo},
  year       = {2010},
  number     = {6},
  pages      = {259--266},
  volume     = {33},
  publisher  = {Elsevier},
  readstatus = {skimmed},
}

@Article{McDonnell2011,
  author    = {McDonnell, Mark D and Ward, Lawrence M},
  journal   = {Nature Reviews Neuroscience},
  title     = {The benefits of noise in neural systems: bridging theory and experiment},
  year      = {2011},
  number    = {7},
  pages     = {415--425},
  volume    = {12},
  publisher = {Nature Publishing Group},
}

@Article{Faisal2008,
  author     = {Faisal, A Aldo and Selen, Luc PJ and Wolpert, Daniel M},
  journal    = {Nature reviews neuroscience},
  title      = {Noise in the nervous system},
  year       = {2008},
  number     = {4},
  pages      = {292--303},
  volume     = {9},
  publisher  = {Nature Publishing Group},
  readstatus = {skimmed},
}

@Article{izhikevich2004spike,
  author    = {Izhikevich, Eugene M and Gally, Joseph A and Edelman, Gerald M},
  journal   = {Cerebral cortex},
  title     = {Spike-timing dynamics of neuronal groups},
  year      = {2004},
  number    = {8},
  pages     = {933--944},
  volume    = {14},
  groups    = {Synaptic plasticity},
  publisher = {Oxford University Press},
}

@Article{steinmetz2000subthreshold,
  author    = {Steinmetz, Peter N and Manwani, Amit and Koch, Christof and London, Michael and Segev, Idan},
  journal   = {Journal of computational neuroscience},
  title     = {Subthreshold voltage noise due to channel fluctuations in active neuronal membranes},
  year      = {2000},
  number    = {2},
  pages     = {133--148},
  volume    = {9},
  groups    = {Noise},
  publisher = {Springer},
}

@article{hubel1968receptive,
  title={Receptive fields and functional architecture of monkey striate cortex},
  author={Hubel, David H and Wiesel, Torsten N},
  journal={The Journal of physiology},
  volume={195},
  number={1},
  pages={215--243},
  year={1968},
  publisher={Wiley Online Library}
}

@article{hubel1962receptive,
  title={Receptive fields, binocular interaction and functional architecture in the cat's visual cortex},
  author={Hubel, David H and Wiesel, Torsten N},
  journal={The Journal of physiology},
  volume={160},
  number={1},
  pages={106},
  year={1962},
  publisher={Wiley-Blackwell}
}

@Article{horton2005cortical,
  author    = {Horton, Jonathan C and Adams, Daniel L},
  journal   = {Philosophical Transactions of the Royal Society B: Biological Sciences},
  title     = {The cortical column: a structure without a function},
  year      = {2005},
  number    = {1456},
  pages     = {837--862},
  volume    = {360},
  groups    = {cortical architecture},
  priority  = {prio3},
  publisher = {The Royal Society London},
}

@Misc{allen2018,
  author = {AllenInstitute},
  title  = {Allen Institute for Brain Science. Allen Cell Types Database, cell feature search. Available from: celltypes.brain-map.org/data},
  year   = {2018},
  date   = {2018},
}

@Article{seamans2004principal,
  author    = {Seamans, Jeremy K and Yang, Charles R},
  journal   = {Progress in neurobiology},
  title     = {The principal features and mechanisms of dopamine modulation in the prefrontal cortex},
  year      = {2004},
  number    = {1},
  pages     = {1--58},
  volume    = {74},
  groups    = {dopaminergic learning},
  publisher = {Elsevier},
}

@Article{uran2022predictive,
  author    = {Uran, Cem and Peter, Alina and Lazar, Andreea and Barnes, William and Klon-Lipok, Johanna and Shapcott, Katharine A and Roese, Rasmus and Fries, Pascal and Singer, Wolf and Vinck, Martin},
  journal   = {Neuron},
  title     = {Predictive coding of natural images by V1 firing rates and rhythmic synchronization},
  year      = {2022},
  number    = {7},
  pages     = {1240--1257},
  volume    = {110},
  groups    = {predictive processing},
  priority  = {prio2},
  publisher = {Elsevier},
}

@InCollection{van2022bringing,
  author    = {van Albada, SJ and Morales-Gregorio, A and Dickscheid, T and Goulas, A and Bakker, R and Bludau, S and Palm, G and Hilgetag, C-C and Diesmann, M},
  booktitle = {Computational Modelling of the Brain},
  publisher = {Springer},
  title     = {Bringing Anatomical Information into Neuronal Network Models},
  year      = {2022},
  pages     = {201--234},
  groups    = {cortical architecture},
}

@Article{sacramento2018dendritic,
  author     = {Sacramento, Jo{\~a}o and Ponte Costa, Rui and Bengio, Yoshua and Senn, Walter},
  journal    = {Advances in neural information processing systems},
  title      = {Dendritic cortical microcircuits approximate the backpropagation algorithm},
  year       = {2018},
  volume     = {31},
  groups     = {predictive processing},
  readstatus = {read},
}

@Article{katzel2011columnar,
  author    = {K{\"a}tzel, Dennis and Zemelman, Boris V and Buetfering, Christina and W{\"o}lfel, Markus and Miesenb{\"o}ck, Gero},
  journal   = {Nature neuroscience},
  title     = {The columnar and laminar organization of inhibitory connections to neocortical excitatory cells},
  year      = {2011},
  number    = {1},
  pages     = {100--107},
  volume    = {14},
  groups    = {cortical architecture},
  priority  = {prio2},
  publisher = {Nature Publishing Group},
}

@Article{briggs2010organizing,
  author    = {Briggs, Farran},
  journal   = {Frontiers in neural circuits},
  title     = {Organizing principles of cortical layer 6},
  year      = {2010},
  pages     = {3},
  volume    = {4},
  groups    = {cortical architecture},
  priority  = {prio2},
  publisher = {Frontiers},
}

@Article{schmidt2018multi,
  author     = {Schmidt, Maximilian and Bakker, Rembrandt and Hilgetag, Claus C and Diesmann, Markus and van Albada, Sacha J},
  journal    = {Brain Structure and Function},
  title      = {Multi-scale account of the network structure of macaque visual cortex},
  year       = {2018},
  number     = {3},
  pages      = {1409--1435},
  volume     = {223},
  priority   = {prio1},
  publisher  = {Springer},
  readstatus = {skimmed},
}

@Article{phillips2018apical,
  author    = {Phillips, William A and Bachmann, Talis and Storm, Johan F},
  journal   = {Frontiers in neural circuits},
  title     = {Apical function in neocortical pyramidal cells: a common pathway by which general anesthetics can affect mental state},
  year      = {2018},
  pages     = {50},
  volume    = {12},
  priority  = {prio2},
  publisher = {Frontiers Media SA},
}

@Article{urban2016somatostatin,
  author    = {Urban-Ciecko, Joanna and Barth, Alison L},
  journal   = {Nature Reviews Neuroscience},
  title     = {Somatostatin-expressing neurons in cortical networks},
  year      = {2016},
  number    = {7},
  pages     = {401--409},
  volume    = {17},
  groups    = {cortical architecture},
  priority  = {prio1},
  publisher = {Nature Publishing Group},
}

@Article{liguz2016somatostatin,
  author    = {Liguz-Lecznar, Monika and Urban-Ciecko, Joanna and Kossut, Malgorzata},
  journal   = {Frontiers in neural circuits},
  title     = {Somatostatin and somatostatin-containing neurons in shaping neuronal activity and plasticity},
  year      = {2016},
  pages     = {48},
  volume    = {10},
  groups    = {cortical architecture},
  priority  = {prio2},
  publisher = {Frontiers Media SA},
}

@Article{molyneaux2007neuronal,
  author    = {Molyneaux, Bradley J and Arlotta, Paola and Menezes, Joao RL and Macklis, Jeffrey D},
  journal   = {Nature reviews neuroscience},
  title     = {Neuronal subtype specification in the cerebral cortex},
  year      = {2007},
  number    = {6},
  pages     = {427--437},
  volume    = {8},
  groups    = {cortical architecture},
  priority  = {prio3},
  publisher = {Nature Publishing Group},
}

@Article{whittington2019theories,
  author     = {Whittington, James CR and Bogacz, Rafal},
  journal    = {Trends in cognitive sciences},
  title      = {Theories of error back-propagation in the brain},
  year       = {2019},
  number     = {3},
  pages      = {235--250},
  volume     = {23},
  publisher  = {Elsevier},
  readstatus = {read},
}

@Article{guerguiev2017towards,
  author    = {Guerguiev, Jordan and Lillicrap, Timothy P and Richards, Blake A},
  journal   = {ELife},
  title     = {Towards deep learning with segregated dendrites},
  year      = {2017},
  pages     = {e22901},
  volume    = {6},
  priority  = {prio1},
  publisher = {eLife Sciences Publications Limited},
}

@Article{cauller1994synaptic,
  author    = {Cauller, Lawrence J and Connors, Barry W},
  journal   = {Journal of Neuroscience},
  title     = {Synaptic physiology of horizontal afferents to layer I in slices of rat SI neocortex},
  year      = {1994},
  number    = {2},
  pages     = {751--762},
  volume    = {14},
  groups    = {cortical architecture},
  priority  = {prio2},
  publisher = {Soc Neuroscience},
}

@Article{heinzle2007microcircuit,
  author    = {Heinzle, Jakob and Hepp, Klaus and Martin, Kevan AC},
  journal   = {Journal of Neuroscience},
  title     = {A microcircuit model of the frontal eye fields},
  year      = {2007},
  number    = {35},
  pages     = {9341--9353},
  volume    = {27},
  groups    = {cortical microcircuits},
  publisher = {Soc Neuroscience},
}

@Article{Stapmanns2021,
  author     = {Stapmanns, Jonas and Hahne, Jan and Helias, Moritz and Bolten, Matthias and Diesmann, Markus and Dahmen, David},
  journal    = {Frontiers in neuroinformatics},
  title      = {Event-based update of synapses in voltage-based learning rules},
  year       = {2021},
  pages      = {15},
  publisher  = {Frontiers},
  readstatus = {skimmed},
}

@Article{Morrison2008,
  author     = {Morrison, Abigail and Diesmann, Markus and Gerstner, Wulfram},
  journal    = {Biological cybernetics},
  title      = {Phenomenological models of synaptic plasticity based on spike timing},
  year       = {2008},
  number     = {6},
  pages      = {459--478},
  volume     = {98},
  publisher  = {Springer},
  readstatus = {skimmed},
}

@Article{Marblestone2016,
  author     = {Marblestone, Adam H and Wayne, Greg and Kording, Konrad P},
  journal    = {Frontiers in computational neuroscience},
  title      = {Toward an integration of deep learning and neuroscience},
  year       = {2016},
  pages      = {94},
  priority   = {prio1},
  publisher  = {Frontiers},
  readstatus = {skimmed},
}

@Article{Crick1989,
  author     = {Crick, Francis},
  journal    = {Nature},
  title      = {The recent excitement about neural networks.},
  year       = {1989},
  number     = {6203},
  pages      = {129--132},
  volume     = {337},
  groups     = {Backprop},
  readstatus = {skimmed},
}

@Article{Cichy2016,
  author     = {Cichy, Radoslaw Martin and Khosla, Aditya and Pantazis, Dimitrios and Torralba, Antonio and Oliva, Aude},
  journal    = {Scientific reports},
  title      = {Comparison of deep neural networks to spatio-temporal cortical dynamics of human visual object recognition reveals hierarchical correspondence},
  year       = {2016},
  number     = {1},
  pages      = {1--13},
  volume     = {6},
  priority   = {prio1},
  publisher  = {Nature Publishing Group},
  readstatus = {skimmed},
}

@Article{Mikulasch2021,
  author    = {Mikulasch, Fabian A and Rudelt, Lucas and Priesemann, Viola},
  journal   = {Proceedings of the National Academy of Sciences},
  title     = {Local dendritic balance enables learning of efficient representations in networks of spiking neurons},
  year      = {2021},
  number    = {50},
  pages     = {e2021925118},
  volume    = {118},
  priority  = {prio2},
  publisher = {National Acad Sciences},
}

@Article{da2020active,
  author     = {Da Costa, Lancelot and Parr, Thomas and Sajid, Noor and Veselic, Sebastijan and Neacsu, Victorita and Friston, Karl},
  journal    = {Journal of Mathematical Psychology},
  title      = {Active inference on discrete state-spaces: A synthesis},
  year       = {2020},
  pages      = {102447},
  volume     = {99},
  groups     = {Free Energy},
  priority   = {prio2},
  publisher  = {Elsevier},
  readstatus = {skimmed},
}

@Article{Markov2014,
  author    = {Markov, Nikola T and Ercsey-Ravasz, Maria M and Ribeiro Gomes, AR and Lamy, Camille and Magrou, Loic and Vezoli, Julien and Misery, Pierre and Falchier, Arnaud and Quilodran, Rene and Gariel, Marie-Alice and others},
  journal   = {Cerebral cortex},
  title     = {A weighted and directed interareal connectivity matrix for macaque cerebral cortex},
  year      = {2014},
  number    = {1},
  pages     = {17--36},
  volume    = {24},
  groups    = {cortical architecture},
  priority  = {prio2},
  publisher = {Oxford University Press},
}

@Article{Ko2013,
  author    = {Ko, Ho and Cossell, Lee and Baragli, Chiara and Antolik, Jan and Clopath, Claudia and Hofer, Sonja B and Mrsic-Flogel, Thomas D},
  journal   = {Nature},
  title     = {The emergence of functional microcircuits in visual cortex},
  year      = {2013},
  number    = {7443},
  pages     = {96--100},
  volume    = {496},
  groups    = {cortical microcircuits},
  priority  = {prio2},
  publisher = {Nature Publishing Group},
}

@Article{Kirkpatrick2017,
  author    = {Kirkpatrick, James and Pascanu, Razvan and Rabinowitz, Neil and Veness, Joel and Desjardins, Guillaume and Rusu, Andrei A and Milan, Kieran and Quan, John and Ramalho, Tiago and Grabska-Barwinska, Agnieszka and others},
  journal   = {Proceedings of the national academy of sciences},
  title     = {Overcoming catastrophic forgetting in neural networks},
  year      = {2017},
  number    = {13},
  pages     = {3521--3526},
  volume    = {114},
  priority  = {prio3},
  publisher = {National Acad Sciences},
}

@Article{Hertaeg2022,
  author    = {Hert{\"a}g, Loreen and Clopath, Claudia},
  journal   = {Proceedings of the National Academy of Sciences},
  title     = {Prediction-error neurons in circuits with multiple neuron types: Formation, refinement, and functional implications},
  year      = {2022},
  number    = {13},
  pages     = {e2115699119},
  volume    = {119},
  priority  = {prio1},
  publisher = {National Acad Sciences},
}

@Article{blackwell2017progress,
  author    = {Blackwell, Jennifer M and Geffen, Maria N},
  journal   = {Nature communications},
  title     = {Progress and challenges for understanding the function of cortical microcircuits in auditory processing},
  year      = {2017},
  number    = {1},
  pages     = {1--9},
  volume    = {8},
  groups    = {cortical microcircuits},
  priority  = {prio2},
  publisher = {Nature Publishing Group},
}

@Article{Liu2021,
  author    = {Liu, Yuhan Helena and Smith, Stephen and Mihalas, Stefan and Shea-Brown, Eric and S{\"u}mb{\"u}l, Uygar},
  journal   = {Proceedings of the National Academy of Sciences},
  title     = {Cell-type--specific neuromodulation guides synaptic credit assignment in a spiking neural network},
  year      = {2021},
  number    = {51},
  pages     = {e2111821118},
  volume    = {118},
  groups    = {Synaptic plasticity},
  priority  = {prio2},
  publisher = {National Acad Sciences},
}

@Article{Hahne2015,
  author    = {Hahne, Jan and Helias, Moritz and Kunkel, Susanne and Igarashi, Jun and Bolten, Matthias and Frommer, Andreas and Diesmann, Markus},
  journal   = {Frontiers in neuroinformatics},
  title     = {A unified framework for spiking and gap-junction interactions in distributed neuronal network simulations},
  year      = {2015},
  pages     = {22},
  volume    = {9},
  groups    = {NEST},
  publisher = {Frontiers Media SA},
}

@Article{Smith2022,
  author    = {Smith, Ryan and Friston, Karl J and Whyte, Christopher J},
  journal   = {Journal of mathematical psychology},
  title     = {A step-by-step tutorial on active inference and its application to empirical data},
  year      = {2022},
  pages     = {102632},
  volume    = {107},
  groups    = {Free Energy},
  priority  = {prio2},
  publisher = {Elsevier},
}

@Article{Larkum2013,
  author    = {Larkum, Matthew},
  journal   = {Trends in neurosciences},
  title     = {A cellular mechanism for cortical associations: an organizing principle for the cerebral cortex},
  year      = {2013},
  number    = {3},
  pages     = {141--151},
  volume    = {36},
  groups    = {pyramidal neurons},
  priority  = {prio1},
  publisher = {Elsevier},
}

@Article{Bartunov2018,
  author   = {Bartunov, Sergey and Santoro, Adam and Richards, Blake and Marris, Luke and Hinton, Geoffrey E and Lillicrap, Timothy},
  journal  = {Advances in neural information processing systems},
  title    = {Assessing the scalability of biologically-motivated deep learning algorithms and architectures},
  year     = {2018},
  volume   = {31},
  groups   = {Backprop},
  priority = {prio1},
}

@Article{Haider2021,
  author  = {Haider, Paul and Ellenberger, Benjamin and Kriener, Laura and Jordan, Jakob and Senn, Walter and Petrovici, Mihai A},
  journal = {Advances in Neural Information Processing Systems},
  title   = {Latent equilibrium: A unified learning theory for arbitrarily fast computation with arbitrarily slow neurons},
  year    = {2021},
  pages   = {17839--17851},
  volume  = {34},
}

@InProceedings{Liao2016,
  author     = {Liao, Qianli and Leibo, Joel and Poggio, Tomaso},
  booktitle  = {Proceedings of the AAAI Conference on Artificial Intelligence},
  title      = {How important is weight symmetry in backpropagation?},
  year       = {2016},
  number     = {1},
  volume     = {30},
  groups     = {Backprop},
  readstatus = {skimmed},
}

@Article{Yamins2016,
  author    = {Yamins, Daniel LK and DiCarlo, James J},
  journal   = {Nature neuroscience},
  title     = {Using goal-driven deep learning models to understand sensory cortex},
  year      = {2016},
  number    = {3},
  pages     = {356--365},
  volume    = {19},
  publisher = {Nature Publishing Group},
}

@Article{Song2005,
  author    = {Song, Sen and Sj{\"o}str{\"o}m, Per Jesper and Reigl, Markus and Nelson, Sacha and Chklovskii, Dmitri B},
  journal   = {PLoS biology},
  title     = {Highly nonrandom features of synaptic connectivity in local cortical circuits},
  year      = {2005},
  number    = {3},
  pages     = {e68},
  volume    = {3},
  groups    = {cortical microcircuits},
  priority  = {prio1},
  publisher = {Public Library of Science San Francisco, USA},
}

@Article{Grossberg1987,
  author    = {Grossberg, Stephen},
  journal   = {Cognitive science},
  title     = {Competitive learning: From interactive activation to adaptive resonance},
  year      = {1987},
  number    = {1},
  pages     = {23--63},
  volume    = {11},
  groups    = {Backprop},
  publisher = {Elsevier},
}

@Article{Bengio2015,
  author   = {Bengio, Yoshua and Lee, Dong-Hyun and Bornschein, Jorg and Mesnard, Thomas and Lin, Zhouhan},
  journal  = {arXiv preprint arXiv:1502.04156},
  title    = {Towards biologically plausible deep learning},
  year     = {2015},
  groups   = {Backprop},
  priority = {prio1},
}

@Article{Lillicrap2014,
  author     = {Lillicrap, Timothy P and Cownden, Daniel and Tweed, Douglas B and Akerman, Colin J},
  journal    = {arXiv preprint arXiv:1411.0247},
  title      = {Random feedback weights support learning in deep neural networks},
  year       = {2014},
  groups     = {Backprop},
  readstatus = {skimmed},
}

@Article{Richards2019,
  author    = {Richards, Blake A and Lillicrap, Timothy P},
  journal   = {Current opinion in neurobiology},
  title     = {Dendritic solutions to the credit assignment problem},
  year      = {2019},
  pages     = {28--36},
  volume    = {54},
  groups    = {Backprop},
  priority  = {prio1},
  publisher = {Elsevier},
}

@InProceedings{Li2021,
  author    = {Li, Chen and Furber, Steve},
  booktitle = {International Conference on Neuromorphic Systems 2021},
  title     = {Towards Biologically-Plausible Neuron Models and Firing Rates in High-Performance Deep Spiking Neural Networks},
  year      = {2021},
  pages     = {1--7},
  priority  = {prio1},
}

@Article{Whittington2017,
  author    = {Whittington, James CR and Bogacz, Rafal},
  journal   = {Neural computation},
  title     = {An approximation of the error backpropagation algorithm in a predictive coding network with local hebbian synaptic plasticity},
  year      = {2017},
  number    = {5},
  pages     = {1229--1262},
  volume    = {29},
  priority  = {prio1},
  publisher = {MIT Press One Rogers Street, Cambridge, MA 02142-1209, USA journals-info~…},
}

@Article{Eyal2018,
  author    = {Eyal, Guy and Verhoog, Matthijs B and Testa-Silva, Guilherme and Deitcher, Yair and Benavides-Piccione, Ruth and DeFelipe, Javier and De Kock, Christiaan PJ and Mansvelder, Huibert D and Segev, Idan},
  journal   = {Frontiers in cellular neuroscience},
  title     = {Human cortical pyramidal neurons: from spines to spikes via models},
  year      = {2018},
  pages     = {181},
  volume    = {12},
  groups    = {pyramidal neurons},
  priority  = {prio1},
  publisher = {Frontiers},
}

@Article{MoradiChameh2021,
  author    = {Moradi Chameh, Homeira and Rich, Scott and Wang, Lihua and Chen, Fu-Der and Zhang, Liang and Carlen, Peter L and Tripathy, Shreejoy J and Valiante, Taufik A},
  journal   = {Nature communications},
  title     = {Diversity amongst human cortical pyramidal neurons revealed via their sag currents and frequency preferences},
  year      = {2021},
  number    = {1},
  pages     = {2497},
  volume    = {12},
  groups    = {pyramidal neurons},
  priority  = {prio1},
  publisher = {Nature Publishing Group UK London},
}

@Article{Ishizuka1995,
  author     = {Ishizuka, Norio and Cowan, W Maxwell and Amaral, David G},
  journal    = {Journal of Comparative Neurology},
  title      = {A quantitative analysis of the dendritic organization of pyramidal cells in the rat hippocampus},
  year       = {1995},
  number     = {1},
  pages      = {17--45},
  volume     = {362},
  groups     = {pyramidal neurons},
  publisher  = {Wiley Online Library},
  readstatus = {skimmed},
}

@Article{Mancilla2007,
  author    = {Mancilla, Jaime G and Lewis, Timothy J and Pinto, David J and Rinzel, John and Connors, Barry W},
  journal   = {Journal of Neuroscience},
  title     = {Synchronization of electrically coupled pairs of inhibitory interneurons in neocortex},
  year      = {2007},
  number    = {8},
  pages     = {2058--2073},
  volume    = {27},
  groups    = {cortical architecture},
  priority  = {prio2},
  publisher = {Soc Neuroscience},
}

@Article{Vaughn2022,
  author    = {Vaughn, Mitchell J and Haas, Julie S},
  journal   = {Frontiers in Cellular Neuroscience},
  title     = {On the diverse functions of electrical synapses},
  year      = {2022},
  volume    = {16},
  groups    = {cortical architecture},
  priority  = {prio3},
  publisher = {Frontiers Media SA},
}

@Article{Mainen1996,
  author    = {Mainen, Zachary F and Sejnowski, Terrence J},
  journal   = {Nature},
  title     = {Influence of dendritic structure on firing pattern in model neocortical neurons},
  year      = {1996},
  number    = {6589},
  pages     = {363--366},
  volume    = {382},
  groups    = {pyramidal neurons},
  priority  = {prio1},
  publisher = {Nature Publishing Group UK London},
}

@Article{Traub2003,
  author    = {Traub, Roger D and Pais, Isabel and Bibbig, Andrea and LeBeau, Fiona EN and Buhl, Eberhard H and Hormuzdi, Sheriar G and Monyer, Hannah and Whittington, Miles A},
  journal   = {Proceedings of the National Academy of Sciences},
  title     = {Contrasting roles of axonal (pyramidal cell) and dendritic (interneuron) electrical coupling in the generation of neuronal network oscillations},
  year      = {2003},
  number    = {3},
  pages     = {1370--1374},
  volume    = {100},
  groups    = {pyramidal neurons},
  priority  = {prio2},
  publisher = {National Acad Sciences},
}

@Article{McCormick1985,
  author    = {McCormick, David A and Connors, Barry W and Lighthall, James W and Prince, David A},
  journal   = {Journal of neurophysiology},
  title     = {Comparative electrophysiology of pyramidal and sparsely spiny stellate neurons of the neocortex},
  year      = {1985},
  number    = {4},
  pages     = {782--806},
  volume    = {54},
  groups    = {pyramidal neurons},
  priority  = {prio1},
  publisher = {American Physiological Society Bethesda, MD},
}

@Article{Gerstner2009,
  author    = {Gerstner, Wulfram and Naud, Richard},
  journal   = {Science},
  title     = {How good are neuron models?},
  year      = {2009},
  number    = {5951},
  pages     = {379--380},
  volume    = {326},
  priority  = {prio2},
  publisher = {American Association for the Advancement of Science},
}

@Article{Abbott2000,
  author    = {Abbott, Larry F and Nelson, Sacha B},
  journal   = {Nature neuroscience},
  title     = {Synaptic plasticity: taming the beast},
  year      = {2000},
  number    = {11},
  pages     = {1178--1183},
  volume    = {3},
  groups    = {Synaptic plasticity},
  priority  = {prio2},
  publisher = {Nature Publishing Group},
}

@Article{Bengio2017,
  author    = {Bengio, Yoshua and Mesnard, Thomas and Fischer, Asja and Zhang, Saizheng and Wu, Yuhuai},
  journal   = {Neural computation},
  title     = {STDP-compatible approximation of backpropagation in an energy-based model},
  year      = {2017},
  number    = {3},
  pages     = {555--577},
  volume    = {29},
  groups    = {Backprop},
  priority  = {prio2},
  publisher = {MIT Press},
}

@Article{OReilly1996,
  author    = {O'Reilly, Randall C},
  journal   = {Neural computation},
  title     = {Biologically plausible error-driven learning using local activation differences: The generalized recirculation algorithm},
  year      = {1996},
  number    = {5},
  pages     = {895--938},
  volume    = {8},
  groups    = {Backprop},
  priority  = {prio2},
  publisher = {MIT Press One Rogers Street, Cambridge, MA 02142-1209, USA journals-info~…},
}

@Article{Ginzburg1994,
  author    = {Ginzburg, Iris and Sompolinsky, Haim},
  journal   = {Physical review E},
  title     = {Theory of correlations in stochastic neural networks},
  year      = {1994},
  number    = {4},
  pages     = {3171},
  volume    = {50},
  publisher = {APS},
}

@Article{Schiess2016,
  author    = {Schiess, Mathieu and Urbanczik, Robert and Senn, Walter},
  journal   = {PLoS computational biology},
  title     = {Somato-dendritic synaptic plasticity and error-backpropagation in active dendrites},
  year      = {2016},
  number    = {2},
  pages     = {e1004638},
  volume    = {12},
  groups    = {Backprop},
  priority  = {prio1},
  publisher = {Public Library of Science San Francisco, CA USA},
}

@Article{Galakhova2022,
  author    = {Galakhova, AA and Hunt, S and Wilbers, R and Heyer, DB and de Kock, CPJ and Mansvelder, HD and Goriounova, NA},
  journal   = {Trends in Cognitive Sciences},
  title     = {Evolution of cortical neurons supporting human cognition},
  year      = {2022},
  groups    = {pyramidal neurons},
  priority  = {prio1},
  publisher = {Elsevier},
}

@Article{Poirazi2020,
  author    = {Poirazi, Panayiota and Papoutsi, Athanasia},
  journal   = {Nature Reviews Neuroscience},
  title     = {Illuminating dendritic function with computational models},
  year      = {2020},
  number    = {6},
  pages     = {303--321},
  volume    = {21},
  groups    = {pyramidal neurons},
  priority  = {prio1},
  publisher = {Nature Publishing Group UK London},
}

@Article{Roelfsema2018,
  author    = {Roelfsema, Pieter R and Holtmaat, Anthony},
  journal   = {Nature Reviews Neuroscience},
  title     = {Control of synaptic plasticity in deep cortical networks},
  year      = {2018},
  number    = {3},
  pages     = {166--180},
  volume    = {19},
  groups    = {cortical architecture},
  priority  = {prio1},
  publisher = {Nature Publishing Group UK London},
}

@Article{Wang2020,
  author    = {Wang, Xiangwen and Lin, Xianghong and Dang, Xiaochao},
  journal   = {Neural Networks},
  title     = {Supervised learning in spiking neural networks: A review of algorithms and evaluations},
  year      = {2020},
  pages     = {258--280},
  volume    = {125},
  groups    = {Backprop},
  priority  = {prio2},
  publisher = {Elsevier},
}

@Article{Mikulasch2023,
  author    = {Mikulasch, Fabian A and Rudelt, Lucas and Wibral, Michael and Priesemann, Viola},
  journal   = {Trends in Neurosciences},
  title     = {Where is the error? Hierarchical predictive coding through dendritic error computation},
  year      = {2023},
  number    = {1},
  pages     = {45--59},
  volume    = {46},
  priority  = {prio1},
  publisher = {Elsevier},
}

@Article{Neftci2016,
  author    = {Neftci, Emre O and Pedroni, Bruno U and Joshi, Siddharth and Al-Shedivat, Maruan and Cauwenberghs, Gert},
  journal   = {Frontiers in neuroscience},
  title     = {Stochastic synapses enable efficient brain-inspired learning machines},
  year      = {2016},
  pages     = {241},
  volume    = {10},
  groups    = {Synaptic plasticity},
  priority  = {prio1},
  publisher = {Frontiers Media SA},
}

@Article{Hines1997,
  author    = {Hines, Michael L and Carnevale, Nicholas T},
  journal   = {Neural computation},
  title     = {The NEURON simulation environment},
  year      = {1997},
  number    = {6},
  pages     = {1179--1209},
  volume    = {9},
  publisher = {MIT Press},
}

@TechReport{Schepper2022,
  author = {de Schepper, Robin and Deepu, Rajalekshmi and Morales-Gregorio, Aitor and Kitayama, Itaru and Mitchell, Jessica and Linssen, Charl and Enan, Mahdi and Eppler, Jochen Martin and Spreizer, Sebastian and Kamiji, Nilton Liuji and others},
  title  = {NEST 3.2},
  year   = {2022},
  school = {Computational and Systems Neuroscience},
}

@Article{Kawaguchi2001,
  author    = {Kawaguchi, Yasuo},
  journal   = {Journal of Neuroscience},
  title     = {Distinct firing patterns of neuronal subtypes in cortical synchronized activities},
  year      = {2001},
  number    = {18},
  pages     = {7261--7272},
  volume    = {21},
  groups    = {pyramidal neurons},
  publisher = {Soc Neuroscience},
}

@Article{Mazzoni1991,
  author    = {Mazzoni, Pietro and Andersen, Richard A and Jordan, Michael I},
  journal   = {Proceedings of the National Academy of Sciences},
  title     = {A more biologically plausible learning rule for neural networks.},
  year      = {1991},
  number    = {10},
  pages     = {4433--4437},
  volume    = {88},
  groups    = {Backprop},
  publisher = {National Acad Sciences},
}

@Article{Brea2016,
  author    = {Brea, Johanni and Gerstner, Wulfram},
  journal   = {Current opinion in behavioral sciences},
  title     = {Does computational neuroscience need new synaptic learning paradigms?},
  year      = {2016},
  pages     = {61--66},
  volume    = {11},
  groups    = {Synaptic plasticity},
  publisher = {Elsevier},
}

@Article{McClelland1995,
  author    = {McClelland, James L and McNaughton, Bruce L and O'Reilly, Randall C},
  journal   = {Psychological review},
  title     = {Why there are complementary learning systems in the hippocampus and neocortex: insights from the successes and failures of connectionist models of learning and memory.},
  year      = {1995},
  number    = {3},
  pages     = {419},
  volume    = {102},
  groups    = {Synaptic plasticity},
  publisher = {American Psychological Association},
}

@Article{Seung2003,
  author    = {Seung, H Sebastian},
  journal   = {Neuron},
  title     = {Learning in spiking neural networks by reinforcement of stochastic synaptic transmission},
  year      = {2003},
  number    = {6},
  pages     = {1063--1073},
  volume    = {40},
  groups    = {Synaptic plasticity},
  publisher = {Elsevier},
}

@Article{Werfel2003,
  author  = {Werfel, Justin and Xie, Xiaohui and Seung, H},
  journal = {Advances in neural information processing systems},
  title   = {Learning curves for stochastic gradient descent in linear feedforward networks},
  year    = {2003},
  volume  = {16},
}

@Article{Zenke2018,
  author    = {Zenke, Friedemann and Ganguli, Surya},
  journal   = {Neural computation},
  title     = {Superspike: Supervised learning in multilayer spiking neural networks},
  year      = {2018},
  number    = {6},
  pages     = {1514--1541},
  volume    = {30},
  groups    = {Backprop},
  publisher = {MIT Press One Rogers Street, Cambridge, MA 02142-1209, USA journals-info~…},
}

@Article{LeCun2015,
  author    = {LeCun, Yann and Bengio, Yoshua and Hinton, Geoffrey},
  journal   = {nature},
  title     = {Deep learning},
  year      = {2015},
  number    = {7553},
  pages     = {436--444},
  volume    = {521},
  groups    = {Backprop},
  publisher = {Nature Publishing Group UK London},
}

@Article{Sporea2013,
  author    = {Sporea, Ioana and Gr{\"u}ning, Andr{\'e}},
  journal   = {Neural computation},
  title     = {Supervised learning in multilayer spiking neural networks},
  year      = {2013},
  number    = {2},
  pages     = {473--509},
  volume    = {25},
  groups    = {Backprop},
  publisher = {MIT Press},
}

@Article{Lee2020,
  author    = {Lee, Chankyu and Sarwar, Syed Shakib and Panda, Priyadarshini and Srinivasan, Gopalakrishnan and Roy, Kaushik},
  journal   = {Frontiers in neuroscience},
  title     = {Enabling spike-based backpropagation for training deep neural network architectures},
  year      = {2020},
  pages     = {119},
  groups    = {Backprop},
  publisher = {Frontiers},
}

@Article{Lee2016,
  author    = {Lee, Jun Haeng and Delbruck, Tobi and Pfeiffer, Michael},
  journal   = {Frontiers in neuroscience},
  title     = {Training deep spiking neural networks using backpropagation},
  year      = {2016},
  pages     = {508},
  volume    = {10},
  groups    = {Backprop},
  publisher = {Frontiers Media SA},
}

@Article{Antic2010,
  author    = {Antic, Srdjan D and Zhou, Wen-Liang and Moore, Anna R and Short, Shaina M and Ikonomu, Katerina D},
  journal   = {Journal of neuroscience research},
  title     = {The decade of the dendritic NMDA spike},
  year      = {2010},
  number    = {14},
  pages     = {2991--3001},
  volume    = {88},
  publisher = {Wiley Online Library},
}

@Article{Barranca2022,
  author    = {Barranca, Victor J and Bhuiyan, Asha and Sundgren, Max and Xing, Fangzhou},
  journal   = {Frontiers in Neuroscience},
  title     = {Functional Implications of Dale's Law in Balanced Neuronal Network Dynamics and Decision Making},
  year      = {2022},
  volume    = {16},
  publisher = {Frontiers Media SA},
}

@InProceedings{Lee2015,
  author       = {Lee, Dong-Hyun and Zhang, Saizheng and Fischer, Asja and Bengio, Yoshua},
  booktitle    = {Machine Learning and Knowledge Discovery in Databases: European Conference, ECML PKDD 2015, Porto, Portugal, September 7-11, 2015, Proceedings, Part I 15},
  title        = {Difference target propagation},
  year         = {2015},
  organization = {Springer},
  pages        = {498--515},
}

@Article{Bengio2014,
  author  = {Bengio, Yoshua},
  journal = {arXiv preprint arXiv:1407.7906},
  title   = {How auto-encoders could provide credit assignment in deep networks via target propagation},
  year    = {2014},
}

@Article{Ahmad2020,
  author  = {Ahmad, Nasir and van Gerven, Marcel A and Ambrogioni, Luca},
  journal = {Advances in Neural Information Processing Systems},
  title   = {Gait-prop: A biologically plausible learning rule derived from backpropagation of error},
  year    = {2020},
  pages   = {10913--10923},
  volume  = {33},
  groups  = {Backprop},
}

@Article{Meulemans2020,
  author  = {Meulemans, Alexander and Carzaniga, Francesco and Suykens, Johan and Sacramento, Jo{\~a}o and Grewe, Benjamin F},
  journal = {Advances in Neural Information Processing Systems},
  title   = {A theoretical framework for target propagation},
  year    = {2020},
  pages   = {20024--20036},
  volume  = {33},
}

@Article{Larkum2022,
  author    = {Larkum, Matthew E},
  journal   = {Neuroscience},
  title     = {Are dendrites conceptually useful?},
  year      = {2022},
  pages     = {4--14},
  volume    = {489},
  publisher = {Elsevier},
}

@Article{Larkum2018,
  author    = {Larkum, Matthew E and Petro, Lucy S and Sachdev, Robert NS and Muckli, Lars},
  journal   = {Frontiers in neuroanatomy},
  title     = {A perspective on cortical layering and layer-spanning neuronal elements},
  year      = {2018},
  pages     = {56},
  publisher = {Frontiers},
}

@Article{Haeusser2003,
  author    = {H{\"a}usser, Michael and Mel, Bartlett},
  journal   = {Current opinion in neurobiology},
  title     = {Dendrites: bug or feature?},
  year      = {2003},
  number    = {3},
  pages     = {372--383},
  volume    = {13},
  publisher = {Elsevier},
}

@Article{Gidon2020,
  author     = {Gidon, Albert and Zolnik, Timothy Adam and Fidzinski, Pawel and Bolduan, Felix and Papoutsi, Athanasia and Poirazi, Panayiota and Holtkamp, Martin and Vida, Imre and Larkum, Matthew Evan},
  journal    = {Science},
  title      = {Dendritic action potentials and computation in human layer 2/3 cortical neurons},
  year       = {2020},
  number     = {6473},
  pages      = {83--87},
  volume     = {367},
  groups     = {pyramidal neurons},
  publisher  = {American Association for the Advancement of Science},
  readstatus = {skimmed},
}

@Article{Elburg2010,
  author    = {van Elburg, Ronald AJ and van Ooyen, Arjen},
  journal   = {PLoS computational biology},
  title     = {Impact of dendritic size and dendritic topology on burst firing in pyramidal cells},
  year      = {2010},
  number    = {5},
  pages     = {e1000781},
  volume    = {6},
  groups    = {pyramidal neurons},
  publisher = {Public Library of Science San Francisco, USA},
}

@Article{Chavlis2021,
  author    = {Chavlis, Spyridon and Poirazi, Panayiota},
  journal   = {Current opinion in neurobiology},
  title     = {Drawing inspiration from biological dendrites to empower artificial neural networks},
  year      = {2021},
  pages     = {1--10},
  volume    = {70},
  priority  = {prio1},
  publisher = {Elsevier},
}

@Article{George2009,
  author    = {George, Dileep and Hawkins, Jeff},
  journal   = {PLoS computational biology},
  title     = {Towards a mathematical theory of cortical micro-circuits},
  year      = {2009},
  number    = {10},
  pages     = {e1000532},
  volume    = {5},
  groups    = {cortical microcircuits},
  publisher = {Public Library of Science San Francisco, USA},
}

@Article{Scellier2017,
  author    = {Scellier, Benjamin and Bengio, Yoshua},
  journal   = {Frontiers in computational neuroscience},
  title     = {Equilibrium propagation: Bridging the gap between energy-based models and backpropagation},
  year      = {2017},
  pages     = {24},
  volume    = {11},
  priority  = {prio1},
  publisher = {Frontiers Media SA},
}

@Article{Brea2016a,
  author    = {Brea, Johanni and Ga{\'a}l, Alexisz Tam{\'a}s and Urbanczik, Robert and Senn, Walter},
  journal   = {PLoS computational biology},
  title     = {Prospective coding by spiking neurons},
  year      = {2016},
  number    = {6},
  pages     = {e1005003},
  volume    = {12},
  publisher = {Public Library of Science San Francisco, CA USA},
}

@Article{Rainer1999,
  author    = {Rainer, Gregor and Rao, S Chenchal and Miller, Earl K},
  journal   = {Journal of Neuroscience},
  title     = {Prospective coding for objects in primate prefrontal cortex},
  year      = {1999},
  number    = {13},
  pages     = {5493--5505},
  volume    = {19},
  publisher = {Soc Neuroscience},
}

@Article{Seth2022,
  author    = {Seth, Anil K and Bayne, Tim},
  journal   = {Nature Reviews Neuroscience},
  title     = {Theories of consciousness},
  year      = {2022},
  number    = {7},
  pages     = {439--452},
  volume    = {23},
  groups    = {predictive processing},
  publisher = {Nature Publishing Group UK London},
}

@Article{Friston2009,
  author    = {Friston, Karl and Kiebel, Stefan},
  journal   = {Philosophical transactions of the Royal Society B: Biological sciences},
  title     = {Predictive coding under the free-energy principle},
  year      = {2009},
  number    = {1521},
  pages     = {1211--1221},
  volume    = {364},
  groups    = {predictive processing},
  publisher = {The Royal Society London},
}

@Article{Adams2015,
  author    = {Adams, Rick A and Friston, Karl J and Bastos, Andre M},
  journal   = {Recent Advances on the Modular Organization of the Cortex},
  title     = {Active inference, predictive coding and cortical architecture},
  year      = {2015},
  pages     = {97--121},
  groups    = {predictive processing},
  publisher = {Springer},
}

@Article{Millidge2022,
  author    = {Millidge, Beren and Tschantz, Alexander and Buckley, Christopher L},
  journal   = {Neural Computation},
  title     = {Predictive coding approximates backprop along arbitrary computation graphs},
  year      = {2022},
  number    = {6},
  pages     = {1329--1368},
  volume    = {34},
  groups    = {predictive processing},
  publisher = {MIT Press One Rogers Street, Cambridge, MA 02142-1209, USA journals-info~…},
}

@Article{Doron2020,
  author    = {Doron, Guy and Shin, Jiyun N and Takahashi, Naoya and Dr{\"u}ke, Moritz and Bocklisch, Christina and Skenderi, Salina and de Mont, Lisa and Toumazou, Maria and Ledderose, Julia and Brecht, Michael and others},
  journal   = {Science},
  title     = {Perirhinal input to neocortical layer 1 controls learning},
  year      = {2020},
  number    = {6523},
  pages     = {eaaz3136},
  volume    = {370},
  publisher = {American Association for the Advancement of Science},
}

@Article{Thomson2003,
  author    = {Thomson, Alex M and Bannister, A Peter},
  journal   = {Cerebral cortex},
  title     = {Interlaminar connections in the neocortex},
  year      = {2003},
  number    = {1},
  pages     = {5--14},
  volume    = {13},
  groups    = {cortical architecture},
  publisher = {Oxford University Press},
}

@Article{Whittington2018,
  author  = {Whittington, James and Muller, Timothy and Mark, Shirely and Barry, Caswell and Behrens, Tim},
  journal = {Advances in neural information processing systems},
  title   = {Generalisation of structural knowledge in the hippocampal-entorhinal system},
  year    = {2018},
  volume  = {31},
}

@Article{KhalighRazavi2014,
  author    = {Khaligh-Razavi, Seyed-Mahdi and Kriegeskorte, Nikolaus},
  journal   = {PLoS computational biology},
  title     = {Deep supervised, but not unsupervised, models may explain IT cortical representation},
  year      = {2014},
  number    = {11},
  pages     = {e1003915},
  volume    = {10},
  publisher = {Public Library of Science San Francisco, USA},
}

@Article{Kubilius2016,
  author    = {Kubilius, Jonas and Bracci, Stefania and Op de Beeck, Hans P},
  journal   = {PLoS computational biology},
  title     = {Deep neural networks as a computational model for human shape sensitivity},
  year      = {2016},
  number    = {4},
  pages     = {e1004896},
  volume    = {12},
  publisher = {Public Library of Science San Francisco, CA USA},
}

@Article{Lillicrap2020,
  author    = {Lillicrap, Timothy P and Santoro, Adam and Marris, Luke and Akerman, Colin J and Hinton, Geoffrey},
  journal   = {Nature Reviews Neuroscience},
  title     = {Backpropagation and the brain},
  year      = {2020},
  number    = {6},
  pages     = {335--346},
  volume    = {21},
  publisher = {Nature Publishing Group UK London},
}

@Article{Gewaltig2007,
  author  = {Gewaltig, Marc-Oliver and Diesmann, Markus},
  journal = {Scholarpedia},
  title   = {Nest (neural simulation tool)},
  year    = {2007},
  number  = {4},
  pages   = {1430},
  volume  = {2},
}

@Article{Svensson2019,
  author    = {Svensson, Erik and Apergis-Schoute, John and Burnstock, Geoffrey and Nusbaum, Michael P and Parker, David and Schi{\"o}th, Helgi B},
  journal   = {Frontiers in neural circuits},
  title     = {General principles of neuronal co-transmission: insights from multiple model systems},
  year      = {2019},
  pages     = {117},
  volume    = {12},
  publisher = {Frontiers Media SA},
}

@InCollection{Kandel1968,
  author    = {Kandel, ERIC R},
  booktitle = {Psychopharmacology; A Review of Progress, 1957--1967},
  publisher = {US Government Printing Office Washington, DC},
  title     = {Dale's principle and the functional specificity of neurons},
  year      = {1968},
  pages     = {385--398},
}

@Article{Leinweber2017,
  author    = {Leinweber, Marcus and Ward, Daniel R and Sobczak, Jan M and Attinger, Alexander and Keller, Georg B},
  journal   = {Neuron},
  title     = {A sensorimotor circuit in mouse cortex for visual flow predictions},
  year      = {2017},
  number    = {6},
  pages     = {1420--1432},
  volume    = {95},
  groups    = {cortical microcircuits},
  publisher = {Elsevier},
}

@Article{Larkum1999,
  author    = {Larkum, Matthew E and Zhu, J Julius and Sakmann, Bert},
  journal   = {Nature},
  title     = {A new cellular mechanism for coupling inputs arriving at different cortical layers},
  year      = {1999},
  number    = {6725},
  pages     = {338--341},
  volume    = {398},
  groups    = {pyramidal neurons},
  publisher = {Nature Publishing Group UK London},
}

@Article{Branco2010,
  author    = {Branco, Tiago and Clark, Beverley A and H{\"a}usser, Michael},
  journal   = {Science},
  title     = {Dendritic discrimination of temporal input sequences in cortical neurons},
  year      = {2010},
  number    = {5999},
  pages     = {1671--1675},
  volume    = {329},
  groups    = {pyramidal neurons},
  publisher = {American Association for the Advancement of Science},
}

@Book{Werbos1994,
  author    = {Werbos, Paul John},
  publisher = {John Wiley \& Sons},
  title     = {The roots of backpropagation: from ordered derivatives to neural networks and political forecasting},
  year      = {1994},
  volume    = {1},
}

@Article{Schmidhuber2014,
  author  = {Schmidhuber, J{\"u}rgen},
  journal = {More.[DL2]},
  title   = {Who invented backpropagation},
  year    = {2014},
  groups  = {Backprop},
}

@Article{Gutierrez2019,
  author    = {Gutierrez, Gabrielle J and Den{\`e}ve, Sophie},
  journal   = {ELife},
  title     = {Population adaptation in efficient balanced networks},
  year      = {2019},
  pages     = {e46926},
  volume    = {8},
  publisher = {eLife Sciences Publications, Ltd},
}

@Article{Pillow2008,
  author    = {Pillow, Jonathan W and Shlens, Jonathon and Paninski, Liam and Sher, Alexander and Litke, Alan M and Chichilnisky, EJ and Simoncelli, Eero P},
  journal   = {Nature},
  title     = {Spatio-temporal correlations and visual signalling in a complete neuronal population},
  year      = {2008},
  number    = {7207},
  pages     = {995--999},
  volume    = {454},
  publisher = {Nature Publishing Group UK London},
}

@Article{Kaiser2022,
  author    = {Kaiser, Jakob and Billaudelle, Sebastian and M{\"u}ller, Eric and Tetzlaff, Christian and Schemmel, Johannes and Schmitt, Sebastian},
  journal   = {Neuroscience},
  title     = {Emulating dendritic computing paradigms on analog neuromorphic hardware},
  year      = {2022},
  pages     = {290--300},
  volume    = {489},
  groups    = {neuromorphic hardware},
  publisher = {Elsevier},
}

@Comment{jabref-meta: databaseType:bibtex;}

@Comment{jabref-meta: grouping:
0 AllEntriesGroup:;
1 StaticGroup:Backprop\;0\;1\;0x8a8a8aff\;\;\;;
1 StaticGroup:cortical architecture\;0\;0\;0x8a8a8aff\;\;\;;
1 StaticGroup:cortical microcircuits\;0\;1\;0x8a8a8aff\;\;\;;
1 StaticGroup:Free Energy\;0\;0\;0x8a8a8aff\;\;\;;
1 StaticGroup:NEST\;0\;1\;0x8a8a8aff\;\;\;;
1 StaticGroup:neuromorphic hardware\;0\;1\;0x8a8a8aff\;\;\;;
1 StaticGroup:Noise\;0\;1\;0x8a8a8aff\;\;\;;
1 StaticGroup:predictive processing\;0\;1\;0x8a8a8aff\;\;\;;
1 StaticGroup:pyramidal neurons\;0\;1\;0x8a8a8aff\;\;\;;
1 StaticGroup:Synaptic plasticity\;0\;1\;0x8a8a8aff\;\;\;;
2 StaticGroup:dopaminergic learning\;0\;1\;0x8a8a8aff\;\;\;;
}
